<record><leader>00000cas a2200000 a 4500</leader><controlfield tag="001">9359577</controlfield><controlfield tag="008">830330d18791909miudn ne      0   a0eng c</controlfield><datafield ind1=" " ind2=" " tag="010"><subfield code="a">sn 83025269 </subfield></datafield><datafield ind1=" " ind2=" " tag="040"><subfield code="a">NPV</subfield><subfield code="b">eng</subfield><subfield code="c">NPV</subfield><subfield code="d">MHN</subfield><subfield code="d">OCL</subfield><subfield code="d">OCLCQ</subfield><subfield code="d">OCLCO</subfield></datafield><datafield ind1="1" ind2=" " tag="029"><subfield code="a">AU@</subfield><subfield code="b">000020399165</subfield></datafield><datafield ind1=" " ind2=" " tag="042"><subfield code="a">pcc</subfield></datafield><datafield ind1=" " ind2=" " tag="043"><subfield code="a">n-us-mi</subfield></datafield><datafield ind1=" " ind2=" " tag="045"><subfield code="a">w7x-</subfield></datafield><datafield ind1=" " ind2=" " tag="052"><subfield code="a">4113</subfield><subfield code="b">M9</subfield></datafield><datafield ind1="0" ind2="0" tag="245"><subfield code="a">Muskegon daily chronicle.</subfield></datafield><datafield ind1="3" ind2=" " tag="246"><subfield code="a">Muskegon chronicle</subfield><subfield code="f">Jan. 15, 1909-</subfield></datafield><datafield ind1=" " ind2=" " tag="260"><subfield code="a">Muskegon, Mich. :</subfield><subfield code="b">W.M. Harford</subfield></datafield><datafield ind1=" " ind2=" " tag="300"><subfield code="a">v. :</subfield><subfield code="b">ill. (chiefly adv.) ;</subfield><subfield code="c">56 cm.</subfield></datafield><datafield ind1=" " ind2=" " tag="310"><subfield code="a">Daily (except Sun.)</subfield></datafield><datafield ind1="1" ind2=" " tag="362"><subfield code="a">Began in May, 1879.</subfield><subfield code="z">Cf. Gregory. Amer. newspapers.</subfield></datafield><datafield ind1="0" ind2=" " tag="362"><subfield code="a">-v. 30, no. 135 (Feb. 17, 1909).</subfield></datafield><datafield ind1=" " ind2=" " tag="515"><subfield code="a">Whole numbering dropped with Vol. 3, no. 170 (Dec. 5, 1881).</subfield></datafield><datafield ind1=" " ind2=" " tag="550"><subfield code="a">"Official paper of Muskegon."</subfield></datafield><datafield ind1=" " ind2=" " tag="580"><subfield code="a">Merged with: Muskegon news, to form: Muskegon news chronicle.</subfield></datafield><datafield ind1=" " ind2=" " tag="588"><subfield code="a">Description based on: Vol. 2, no. 194 (Jan. 3, 1880) = whole no. 514.</subfield></datafield><datafield ind1=" " ind2="0" tag="651"><subfield code="a">Muskegon (Mich.)</subfield><subfield code="v">Newspapers.</subfield></datafield><datafield ind1=" " ind2="0" tag="651"><subfield code="a">Muskegon County</subfield><subfield code="v">Newspapers.</subfield></datafield><datafield ind1=" " ind2=" " tag="752"><subfield code="a">United States</subfield><subfield code="b">Michigan</subfield><subfield code="c">Muskegon</subfield><subfield code="d">Muskegon.</subfield></datafield><datafield ind1="1" ind2=" " tag="775"><subfield code="t">Muskegon chronicle (Muskegon, Mich. : Weekly)</subfield><subfield code="w">(DLC)sn 85033767</subfield><subfield code="w">(OCoLC)12253161</subfield></datafield><datafield ind1="1" ind2=" " tag="775"><subfield code="t">Muskegon weekly chronicle</subfield><subfield code="w">(DLC)sn 96077306</subfield><subfield code="w">(OCoLC)36007941</subfield></datafield><datafield ind1="0" ind2="4" tag="780"><subfield code="t">Muskegon journal (Muskegon, Mich. : 1877)</subfield><subfield code="w">(DLC)sn 96077315</subfield><subfield code="w">(OCoLC)36019964</subfield></datafield><datafield ind1="1" ind2="7" tag="785"><subfield code="t">Muskegon news</subfield><subfield code="w">(DLC)sn 96077305</subfield><subfield code="w">(OCoLC)36007822</subfield></datafield><datafield ind1="1" ind2="7" tag="785"><subfield code="t">Muskegon news chronicle</subfield><subfield code="w">(DLC)sn 96077302</subfield><subfield code="w">(OCoLC)36009898</subfield></datafield></record>